@article{2014,
	author = {朱, 红 and 陈, 晓宇},
	issn = {1000-4076},
	journal = {高等理科教育},
	language = {中文;},
	lccn = {62-1028/G4},
	number = 05,
	pages = {19-27+34},
	shorttitle = {我国高等理科教育发展现状},
	title = {我国高等理科教育发展现状:成就与挑战--高等理科教育改革调研专家调查分析},
	url = {http://kns.cnki.net/KCMS/detail/detail.aspx?dbcode=CJFQ\&dbname=CJFD2014\&filename=GDLK201405006\&uid=WEEvREcwSlJHSldRa1FhdkJkVG1BK3kxOGVKWVZpV0UyRU9MVDMxWDNmQT0=$9A4hF\_YAuvQ5obgVAqNKPCYcEjKensW4IQMovwHtwkF4VYPoHbKxJw!!\&v=MTgwMjNMdXhZUzdEaDFUM3FUcldNMUZyQ1VSTE9mWWVkbkZ5RG5VcjNCSWluSFpiRzRIOVhNcW85RllvUjhlWDE=},
	year = 2014
}
