
@article{cortazarExistenceSignChanging2014,
  title = {Existence of Sign Changing Solutions for an Equation with a Weighted P-{{Laplace}} Operator},
  volume = {110},
  issn = {0362-546X},
  url = {http://www.sciencedirect.com/science/article/pii/S0362546X14002430},
  doi = {10.1016/j.na.2014.07.016},
  abstract = {We consider radial solutions of a general elliptic equation involving a weighted p-Laplace operator with a subcritical nonlinearity. By a shooting method we prove the existence of solutions with any prescribed number of nodes. The method is based on a change of variables in the phase plane, a very general computation of an angular velocity and new estimates for the decay of an energy associated with an asymptotic Hamiltonian problem. Estimating the rate of decay for the energy requires a sub-criticality condition. The method covers the case of solutions which are not compactly supported or which have compact support. In the last case, we show that the size of the support increases with the number of nodes.},
  journaltitle = {Nonlinear Analysis: Theory, Methods \& Applications},
  shortjournal = {Nonlinear Analysis: Theory, Methods \& Applications},
  urldate = {2019-03-04},
  date = {2014-11-01},
  pages = {1-22},
  keywords = {-Laplace operator,Action‚Äìangle variables,Compact support,Energy methods,Hamiltonian systems,Nodal solutions,Nodes,Shooting method},
  author = {Cort√°zar, Carmen and Dolbeault, Jean and Garc√≠a-Huidobro, Marta and Man√°sevich, R√°ul},
  file = {/Users/yunfangli/Zotero/storage/BJMGLCQD/Cort√°zar et al. - 2014 - Existence of sign changing solutions for an equati.pdf},
  note = {00007}
}

@article{musinaExistenceMultiplicityResults2009,
  title = {Existence and Multiplicity Results for a Weighted P-{{Laplace}} Equation Involving {{Hardy}} Potentials and Critical Nonlinearities},
  volume = {20},
  issn = {1120-6330},
  url = {https://www.ems-ph.org/journals/show_abstract.php?issn=1120-6330&vol=20&iss=2&rank=3},
  doi = {10.4171/RLM/537},
  number = {2},
  journaltitle = {Rendiconti Lincei - Matematica e Applicazioni},
  shortjournal = {Atti Accad. Naz. Lincei Cl. Sci. Fis. Mat. Natur.},
  urldate = {2019-03-04},
  date = {2009-06-30},
  pages = {127-143},
  author = {Musina, Roberta},
  file = {/Users/yunfangli/Zotero/storage/BGM29KUM/Musina - 2009 - Existence and multiplicity results for a weighted .pdf;/Users/yunfangli/Zotero/storage/EB8KXYCB/Musina - 2009 - Existence and multiplicity results for a weighted .pdf;/Users/yunfangli/Zotero/storage/WIALMJ6T/show_abstract.html},
  note = {00005}
}

@article{gazziniSobolevtypeInequalityRelated2009,
  title = {On a {{Sobolev}}-Type Inequality Related to the Weighted p-{{Laplace}} Operator},
  volume = {352},
  issn = {0022-247X},
  url = {http://www.sciencedirect.com/science/article/pii/S0022247X08006628},
  doi = {10.1016/j.jmaa.2008.06.021},
  abstract = {In this paper we deal with some Sobolev-type inequalities with weights that were proved by Maz'ya in [V.G. Maz'ja, Sobolev Spaces, Springer-Verlag, Berlin, 1980] and by Caffarelli, Kohn and Nirenberg in [L. Caffarelli, R. Kohn, L. Nirenberg, First order interpolation inequalities with weight, Compos. Math. 53 (1984) 259‚Äì275]. For integers 1‚©Ωk‚©ΩN denote points Œæ‚ààRN=Rk√óRN‚àík as pairs (x,y). Let p‚àà(1,N), q‚àà(p,p‚àó] and assume ba:=N‚àíqN‚àíp+ap{$<$}k. Then there exists c{$>$}0 such thatc(‚à´RN|x|‚àíba|u|qdŒæ)p/q‚©Ω‚à´RN|x|a|‚àáu|pdŒæ,‚àÄu‚ààCc‚àû(RN). We prove that the best constant is achieved for any a,p,k, provided that q{$<$}p‚àó or q=p‚àó and a{$<$}0. Results for weighted Sobolev-type inequalities on cones are also given.},
  number = {1},
  journaltitle = {Journal of Mathematical Analysis and Applications},
  shortjournal = {Journal of Mathematical Analysis and Applications},
  series = {Degenerate and {{Singular PDEs}} and {{Phenomena}} in {{Analysis}} and {{Mathematical Physics}}},
  urldate = {2019-03-04},
  date = {2009-04-01},
  pages = {99-111},
  keywords = {Caffarelli‚ÄìKohn‚ÄìNirenberg inequalities,Critical growth,Maz'ya inequalities,Variational methods,Weighted -Laplace operator},
  author = {Gazzini, Marita and Musina, Roberta},
  file = {/Users/yunfangli/Zotero/storage/3HR9TR7M/Gazzini and Musina - 2009 - On a Sobolev-type inequality related to the weight.pdf;/Users/yunfangli/Zotero/storage/5WEXYQHX/S0022247X08006628.html},
  note = {00021}
}

@article{liLongtimeBehaviorClass2014b,
  title = {Long-Time Behavior for a Class of Degenerate Parabolic Equations},
  volume = {34},
  issn = {1078-0947},
  url = {https://mathscinet.ams.org/mathscinet-getitem?mr=3177666},
  doi = {10.3934/dcds.2014.34.2873},
  number = {7},
  journaltitle = {Discrete and Continuous Dynamical Systems. Series A},
  shortjournal = {Discrete Contin. Dyn. Syst.},
  urldate = {2019-03-08},
  date = {2014},
  pages = {2873--2892},
  author = {Li, Hongtao and Ma, Shan and Zhong, Chengkui},
  mrnumber = {3177666},
  note = {00000}
}

@article{maGlobalAttractorsWeighted2012a,
  title = {Global Attractors for Weighted \$p\$-{{Laplacian}} Equations with Boundary Degeneracy},
  volume = {53},
  issn = {0022-2488},
  url = {https://mathscinet.ams.org/mathscinet-getitem?mr=2919531},
  doi = {10.1063/1.3675441},
  number = {1},
  journaltitle = {Journal of Mathematical Physics},
  shortjournal = {J. Math. Phys.},
  urldate = {2019-03-08},
  date = {2012},
  pages = {012701, 8},
  author = {Ma, Shan and Li, Hongtao},
  mrnumber = {2919531},
  note = {00000}
}

@article{liuAsymptoticRegularityPLaplacian2010,
  title = {Asymptotic Regularity for P-{{Laplacian}} Equation},
  volume = {51},
  issn = {0022-2488},
  url = {https://aip.scitation.org/doi/10.1063/1.3427318},
  doi = {10.1063/1.3427318},
  abstract = {This paper is devoted to proving some asymptotic regularity of the solutions of the pp{$<$}math display="inline" overflow="scroll" altimg="eq-00003.gif"{$><$}mi{$>$}p{$<$}/mi{$><$}/math{$>$}-Laplacian equation ut‚àídiv(|‚àáu|p‚àí2‚àáu)+f(u)=g(x)ut‚àídiv(|‚àáu|p‚àí2‚àáu)+f(u)=g(x){$<$}math display="inline" overflow="scroll" altimg="eq-00004.gif"{$><$}mrow{$><$}msub{$><$}mi{$>$}u{$<$}/mi{$><$}mi{$>$}t{$<$}/mi{$><$}/msub{$><$}mo{$>$}‚àí{$<$}/mo{$><$}mtext{$>$}div{$<$}/mtext{$><$}mrow{$><$}mo{$>$}({$<$}/mo{$><$}mrow{$><$}msup{$><$}mrow{$><$}mrow{$><$}mo{$>$}|{$<$}/mo{$><$}mrow{$><$}mo{$>$}‚àá{$<$}/mo{$><$}mi{$>$}u{$<$}/mi{$><$}/mrow{$><$}mo{$>$}|{$<$}/mo{$><$}/mrow{$><$}/mrow{$><$}mrow{$><$}mi{$>$}p{$<$}/mi{$><$}mo{$>$}‚àí{$<$}/mo{$><$}mn{$>$}2{$<$}/mn{$><$}/mrow{$><$}/msup{$><$}mo{$>$}‚àá{$<$}/mo{$><$}mi{$>$}u{$<$}/mi{$><$}/mrow{$><$}mo{$>$}){$<$}/mo{$><$}/mrow{$><$}mo{$>$}+{$<$}/mo{$><$}mi{$>$}f{$<$}/mi{$><$}mrow{$><$}mo{$>$}({$<$}/mo{$><$}mi{$>$}u{$<$}/mi{$><$}mo{$>$}){$<$}/mo{$><$}/mrow{$><$}mo{$>$}={$<$}/mo{$><$}mi{$>$}g{$<$}/mi{$><$}mrow{$><$}mo{$>$}({$<$}/mo{$><$}mi{$>$}x{$<$}/mi{$><$}mo{$>$}){$<$}/mo{$><$}/mrow{$><$}/mrow{$><$}/math{$>$} (p‚àä(2,N))(p‚àä(2,N)){$<$}math display="inline" overflow="scroll" altimg="eq-00005.gif"{$><$}mrow{$><$}mrow{$><$}mo{$>$}({$<$}/mo{$><$}mrow{$><$}mi{$>$}p{$<$}/mi{$><$}mo{$>$}‚àä{$<$}/mo{$><$}mrow{$><$}mo{$>$}({$<$}/mo{$><$}mrow{$><$}mn{$>$}2{$<$}/mn{$><$}mo{$>$},{$<$}/mo{$><$}mi{$>$}N{$<$}/mi{$><$}/mrow{$><$}mo{$>$}){$<$}/mo{$><$}/mrow{$><$}/mrow{$><$}mo{$>$}){$<$}/mo{$><$}/mrow{$><$}/mrow{$><$}/math{$>$} considered on a bounded domain Œ©‚äÇ‚ÑùN(N‚â•3)Œ©‚äÇRN(N‚â•3){$<$}math display="inline" overflow="scroll" altimg="eq-00006.gif"{$><$}mrow{$><$}mi{$>$}Œ©{$<$}/mi{$><$}mo{$>$}‚äÇ{$<$}/mo{$><$}msup{$><$}mi mathvariant="double-struck"{$>$}R{$<$}/mi{$><$}mi{$>$}N{$<$}/mi{$><$}/msup{$><$}mrow{$><$}mo{$>$}({$<$}/mo{$><$}mrow{$><$}mi{$>$}N{$<$}/mi{$><$}mo{$>$}‚â•{$<$}/mo{$><$}mn{$>$}3{$<$}/mn{$><$}/mrow{$><$}mo{$>$}){$<$}/mo{$><$}/mrow{$><$}/mrow{$><$}/math{$>$}. The nonlinear term ff{$<$}math display="inline" overflow="scroll" altimg="eq-00007.gif"{$><$}mi{$>$}f{$<$}/mi{$><$}/math{$>$} satisfies the polynomial growth condition of arbitrary order c1|u|q‚àík‚â§f(u)u‚â§c2|u|q+kc1|u|q‚àík‚â§f(u)u‚â§c2|u|q+k{$<$}math display="inline" overflow="scroll" altimg="eq-00008.gif"{$><$}mrow{$><$}msub{$><$}mi{$>$}c{$<$}/mi{$><$}mn{$>$}1{$<$}/mn{$><$}/msub{$><$}msup{$><$}mrow{$><$}mrow{$><$}mo{$>$}|{$<$}/mo{$><$}mi{$>$}u{$<$}/mi{$><$}mo{$>$}|{$<$}/mo{$><$}/mrow{$><$}/mrow{$><$}mi{$>$}q{$<$}/mi{$><$}/msup{$><$}mo{$>$}‚àí{$<$}/mo{$><$}mi{$>$}k{$<$}/mi{$><$}mo{$>$}‚â§{$<$}/mo{$><$}mi{$>$}f{$<$}/mi{$><$}mrow{$><$}mo{$>$}({$<$}/mo{$><$}mi{$>$}u{$<$}/mi{$><$}mo{$>$}){$<$}/mo{$><$}/mrow{$><$}mi{$>$}u{$<$}/mi{$><$}mo{$>$}‚â§{$<$}/mo{$><$}msub{$><$}mi{$>$}c{$<$}/mi{$><$}mn{$>$}2{$<$}/mn{$><$}/msub{$><$}msup{$><$}mrow{$><$}mrow{$><$}mo{$>$}|{$<$}/mo{$><$}mi{$>$}u{$<$}/mi{$><$}mo{$>$}|{$<$}/mo{$><$}/mrow{$><$}/mrow{$><$}mi{$>$}q{$<$}/mi{$><$}/msup{$><$}mo{$>$}+{$<$}/mo{$><$}mi{$>$}k{$<$}/mi{$><$}/mrow{$><$}/math{$>$}, where q‚â•2q‚â•2{$<$}math display="inline" overflow="scroll" altimg="eq-00009.gif"{$><$}mrow{$><$}mi{$>$}q{$<$}/mi{$><$}mo{$>$}‚â•{$<$}/mo{$><$}mn{$>$}2{$<$}/mn{$><$}/mrow{$><$}/math{$>$} is arbitrary. As an application of the asymptotic regularity results, we not only can obtain the existence of a (L2(Œ©),W1,p0(Œ©)‚à©Lq(Œ©))(L2(Œ©),W01,p(Œ©)‚à©Lq(Œ©)){$<$}math display="inline" overflow="scroll" altimg="eq-00010.gif"{$><$}mrow{$><$}mrow{$><$}mo{$>$}({$<$}/mo{$><$}mrow{$><$}msup{$><$}mi{$>$}L{$<$}/mi{$><$}mn{$>$}2{$<$}/mn{$><$}/msup{$><$}mrow{$><$}mo{$>$}({$<$}/mo{$><$}mi{$>$}Œ©{$<$}/mi{$><$}mo{$>$}){$<$}/mo{$><$}/mrow{$><$}mo{$>$},{$<$}/mo{$><$}msubsup{$><$}mi{$>$}W{$<$}/mi{$><$}mn{$>$}0{$<$}/mn{$><$}mrow{$><$}mn{$>$}1{$<$}/mn{$><$}mo{$>$},{$<$}/mo{$><$}mi{$>$}p{$<$}/mi{$><$}/mrow{$><$}/msubsup{$><$}mrow{$><$}mo{$>$}({$<$}/mo{$><$}mi{$>$}Œ©{$<$}/mi{$><$}mo{$>$}){$<$}/mo{$><$}/mrow{$><$}mo{$>$}‚à©{$<$}/mo{$><$}msup{$><$}mi{$>$}L{$<$}/mi{$><$}mi{$>$}q{$<$}/mi{$><$}/msup{$><$}mrow{$><$}mo{$>$}({$<$}/mo{$><$}mi{$>$}Œ©{$<$}/mi{$><$}mo{$>$}){$<$}/mo{$><$}/mrow{$><$}/mrow{$><$}mo{$>$}){$<$}/mo{$><$}/mrow{$><$}/mrow{$><$}/math{$>$}-global attractor ùíúA{$<$}math display="inline" overflow="scroll" altimg="eq-00011.gif"{$><$}mi mathvariant="script"{$>$}A{$<$}/mi{$><$}/math{$>$} immediately but also can show further that ùíúA{$<$}math display="inline" overflow="scroll" altimg="eq-00012.gif"{$><$}mi mathvariant="script"{$>$}A{$<$}/mi{$><$}/math{$>$} attracts every bounded subsets of L2(Œ©)L2(Œ©){$<$}math display="inline" overflow="scroll" altimg="eq-00013.gif"{$><$}mrow{$><$}msup{$><$}mi{$>$}L{$<$}/mi{$><$}mn{$>$}2{$<$}/mn{$><$}/msup{$><$}mrow{$><$}mo{$>$}({$<$}/mo{$><$}mi{$>$}Œ©{$<$}/mi{$><$}mo{$>$}){$<$}/mo{$><$}/mrow{$><$}/mrow{$><$}/math{$>$} under the W1,p0‚à©Lq+Œ¥W01,p‚à©Lq+Œ¥{$<$}math display="inline" overflow="scroll" altimg="eq-00014.gif"{$><$}mrow{$><$}msubsup{$><$}mi{$>$}W{$<$}/mi{$><$}mn{$>$}0{$<$}/mn{$><$}mrow{$><$}mn{$>$}1{$<$}/mn{$><$}mo{$>$},{$<$}/mo{$><$}mi{$>$}p{$<$}/mi{$><$}/mrow{$><$}/msubsup{$><$}mo{$>$}‚à©{$<$}/mo{$><$}msup{$><$}mi{$>$}L{$<$}/mi{$><$}mrow{$><$}mi{$>$}q{$<$}/mi{$><$}mo{$>$}+{$<$}/mo{$><$}mi{$>$}Œ¥{$<$}/mi{$><$}/mrow{$><$}/msup{$><$}/mrow{$><$}/math{$>$}-norm for any Œ¥‚àä[0,‚àû)Œ¥‚àä[0,‚àû){$<$}math display="inline" overflow="scroll" altimg="eq-00015.gif"{$><$}mrow{$><$}mi{$>$}Œ¥{$<$}/mi{$><$}mo{$>$}‚àä{$<$}/mo{$><$}mrow{$><$}mo{$>$}[{$<$}/mo{$><$}mrow{$><$}mn{$>$}0{$<$}/mn{$><$}mo{$>$},{$<$}/mo{$><$}mi{$>$}‚àû{$<$}/mi{$><$}/mrow{$><$}mo{$>$}){$<$}/mo{$><$}/mrow{$><$}/mrow{$><$}/math{$>$}. Furthermore, the fractal dimension of ùíúA{$<$}math display="inline" overflow="scroll" altimg="eq-00016.gif"{$><$}mi mathvariant="script"{$>$}A{$<$}/mi{$><$}/math{$>$} is finite in Lq+Œ¥(Œ©)Lq+Œ¥(Œ©){$<$}math display="inline" overflow="scroll" altimg="eq-00017.gif"{$><$}mrow{$><$}msup{$><$}mi{$>$}L{$<$}/mi{$><$}mrow{$><$}mi{$>$}q{$<$}/mi{$><$}mo{$>$}+{$<$}/mo{$><$}mi{$>$}Œ¥{$<$}/mi{$><$}/mrow{$><$}/msup{$><$}mrow{$><$}mo{$>$}({$<$}/mo{$><$}mi{$>$}Œ©{$<$}/mi{$><$}mo{$>$}){$<$}/mo{$><$}/mrow{$><$}/mrow{$><$}/math{$>$} for any Œ¥‚àä[0,‚àû)Œ¥‚àä[0,‚àû){$<$}math display="inline" overflow="scroll" altimg="eq-00018.gif"{$><$}mrow{$><$}mi{$>$}Œ¥{$<$}/mi{$><$}mo{$>$}‚àä{$<$}/mo{$><$}mrow{$><$}mo{$>$}[{$<$}/mo{$><$}mrow{$><$}mn{$>$}0{$<$}/mn{$><$}mo{$>$},{$<$}/mo{$><$}mi{$>$}‚àû{$<$}/mi{$><$}/mrow{$><$}mo{$>$}){$<$}/mo{$><$}/mrow{$><$}/mrow{$><$}/math{$>$}.},
  number = {5},
  journaltitle = {Journal of Mathematical Physics},
  shortjournal = {Journal of Mathematical Physics},
  urldate = {2019-08-09},
  date = {2010-05-01},
  pages = {052702},
  author = {Liu, Yuewei and Yang, Lu and Zhong, Chengkui},
  file = {/Users/yunfangli/Zotero/storage/ATWTUHGI/Liu et al. - 2010 - Asymptotic regularity for p-Laplacian equation.pdf},
  note = {00007}
}

@article{zhongZ2IndexGlobal2010,
  title = {On the {{Z2}} Index of the Global Attractor for a Class of P-{{Laplacian}} Equations},
  volume = {73},
  issn = {0362-546X},
  url = {http://www.sciencedirect.com/science/article/pii/S0362546X1000502X},
  doi = {10.1016/j.na.2010.07.022},
  abstract = {By means of the Z2 index, we study the geometrical property of the global attractor for a class of symmetric p-Laplacian equations ut‚àídiv(|‚àáu|p‚àí2‚àáu)+|u|r‚àí2u‚àíŒª|u|s‚àí2u+f(x,u)=0, where Œª{$>$}0,2‚â§s‚â§p,r. We first provide, under suitable assumptions, the existence result for the symmetric global attractor A. Then when 2‚â§s{$<$}p,r, we prove that the Z2 index of the global attractor is infinite. As a corollary, we obtain that the fractal dimension of the global attractor is infinite. For when 2‚â§s=p{$<$}r, we provide the lower bound of the Z2 index of the global attractor.},
  number = {12},
  journaltitle = {Nonlinear Analysis: Theory, Methods \& Applications},
  shortjournal = {Nonlinear Analysis: Theory, Methods \& Applications},
  urldate = {2019-08-09},
  date = {2010-12-15},
  pages = {3698-3704},
  keywords = {-Laplacian,Global attractor,index},
  author = {Zhong, Chengkui and Niu, Weisheng},
  file = {/Users/yunfangli/Zotero/storage/Q55I2QMK/Zhong and Niu - 2010 - On the Z2 index of the global attractor for a clas.pdf},
  note = {00016}
}

@article{acerbiRegularityResultsStationary2002,
  title = {Regularity Results for Stationary Electro-Rheological Fluids},
  volume = {164},
  issn = {0003-9527},
  url = {https://mathscinet.ams.org/mathscinet-getitem?mr=1930392},
  doi = {10.1007/s00205-002-0208-7},
  number = {3},
  journaltitle = {Archive for Rational Mechanics and Analysis},
  shortjournal = {Arch. Ration. Mech. Anal.},
  urldate = {2019-12-25},
  date = {2002},
  pages = {213--259},
  author = {Acerbi, Emilio and Mingione, Giuseppe},
  file = {/Users/yunfangli/Zotero/storage/HEHHYR5E/Acerbi and Mingione - 2002 - Regularity results for stationary electro-rheologi.pdf;/Users/yunfangli/Zotero/storage/EJDNUMKZ/mathscinet-getitem.html},
  mrnumber = {1930392}
}

@article{rajagopalMathematicalModelingElectrorheological2001,
  langid = {english},
  title = {Mathematical Modeling of Electrorheological Materials},
  volume = {13},
  issn = {1432-0959},
  url = {https://doi.org/10.1007/s001610100034},
  doi = {10.1007/s001610100034},
  number = {1},
  journaltitle = {Continuum Mechanics and Thermodynamics},
  shortjournal = {Continuum Mech Thermodyn},
  urldate = {2019-12-25},
  date = {2001-02-01},
  pages = {59-78},
  keywords = {Electrorheological Material,Mathematical Modeling},
  author = {Rajagopal, K.R. and Ru≈æiƒçka, M.},
  file = {/Users/yunfangli/Zotero/storage/DFFJ2YT9/Rajagopal and Ru≈æiƒçka - 2001 - Mathematical modeling of electrorheological materi.pdf}
}

@article{aboulaichNewDiffusionModels2008,
  title = {New Diffusion Models in Image Processing},
  volume = {56},
  issn = {0898-1221},
  url = {https://mathscinet.ams.org/mathscinet-getitem?mr=2437859},
  doi = {10.1016/j.camwa.2008.01.017},
  number = {4},
  journaltitle = {Computers \& Mathematics with Applications. An International Journal},
  shortjournal = {Comput. Math. Appl.},
  urldate = {2019-12-25},
  date = {2008},
  pages = {874--882},
  author = {Aboulaich, R. and Meskine, D. and Souissi, A.},
  file = {/Users/yunfangli/Zotero/storage/QKX6FZXS/Aboulaich et al. - 2008 - New diffusion models in image processing.pdf;/Users/yunfangli/Zotero/storage/JINQEEEE/mathscinet-getitem.html},
  mrnumber = {2437859}
}

@article{guoSingularPhenomenaSolutions2015,
  title = {Singular Phenomena of Solutions for Nonlinear Diffusion Equations Involving \$p(x)\$-{{Laplace}} Operator and Nonlinear Sources},
  volume = {66},
  issn = {0044-2275},
  url = {https://mathscinet.ams.org/mathscinet-getitem?mr=3347421},
  doi = {10.1007/s00033-014-0463-0},
  number = {3},
  journaltitle = {Zeitschrift f√ºr Angewandte Mathematik und Physik. ZAMP. Journal of Applied Mathematics and Physics. Journal de Math√©matiques et de Physique Appliqu√©es},
  shortjournal = {Z. Angew. Math. Phys.},
  urldate = {2019-12-25},
  date = {2015},
  pages = {989--1005},
  author = {Guo, Bin and Li, Yajuan and Gao, Wenjie},
  file = {/Users/yunfangli/Zotero/storage/V8DIVPM7/Guo et al. - 2015 - Singular phenomena of solutions for nonlinear diff.pdf;/Users/yunfangli/Zotero/storage/L5R4MELA/mathscinet-getitem.html},
  mrnumber = {3347421}
}

@article{antontsevUniquenessComparisonTheorems2013,
  title = {Uniqueness and Comparison Theorems for Solutions of Doubly Nonlinear Parabolic Equations with Nonstandard Growth Conditions},
  volume = {12},
  issn = {1534-0392},
  url = {https://mathscinet.ams.org/mathscinet-getitem?mr=2997530},
  doi = {10.3934/cpaa.2013.12.1527},
  number = {4},
  journaltitle = {Communications on Pure and Applied Analysis},
  shortjournal = {Commun. Pure Appl. Anal.},
  urldate = {2019-12-25},
  date = {2013},
  pages = {1527--1546},
  author = {Antontsev, Stanislav and Chipot, Michel and Shmarev, Sergey},
  file = {/Users/yunfangli/Zotero/storage/9P5ZEJAI/Antontsev et al. - 2013 - Uniqueness and comparison theorems for solutions o.pdf;/Users/yunfangli/Zotero/storage/F5WI4GHP/mathscinet-getitem.html},
  mrnumber = {2997530}
}

@article{gaoExistenceUniquenessNonexistence2016,
  title = {Existence,Uniqueness, and Nonexistence of Solutions to Nonlinear Diffusion Equations with \$p(x,t)\$-{{Laplacian}} Operator},
  issn = {1687-2762},
  url = {https://mathscinet.ams.org/mathscinet-getitem?mr=3536092},
  doi = {10.1186/s13661-016-0657-9},
  journaltitle = {Boundary Value Problems},
  shortjournal = {Bound. Value Probl.},
  urldate = {2019-12-25},
  date = {2016},
  pages = {Paper No. 149, 10},
  author = {Gao, Yanchao and Chu, Ying and Gao, Wenjie},
  file = {/Users/yunfangli/Zotero/storage/XBVKFC64/Gao et al. - 2016 - Existence,uniqueness, and nonexistence of solution.pdf;/Users/yunfangli/Zotero/storage/G77UQUT2/mathscinet-getitem.html},
  mrnumber = {3536092}
}

@article{liuNonlinearDiffusionProblem2019,
  title = {A Nonlinear Diffusion Problem with Convection and Anisotropic Nonstandard Growth Conditions},
  volume = {48},
  issn = {1468-1218},
  url = {https://mathscinet.ams.org/mathscinet-getitem?mr=3913758},
  doi = {10.1016/j.nonrwa.2019.01.020},
  journaltitle = {Nonlinear Analysis. Real World Applications. An International Multidisciplinary Journal},
  shortjournal = {Nonlinear Anal. Real World Appl.},
  urldate = {2019-12-25},
  date = {2019},
  pages = {383--409},
  author = {Liu, Bingchen and Dong, Mengzhen},
  file = {/Users/yunfangli/Zotero/storage/M5UZ2JYK/Liu and Dong - 2019 - A nonlinear diffusion problem with convection and .pdf;/Users/yunfangli/Zotero/storage/XYHPY8JV/mathscinet-getitem.html},
  mrnumber = {3913758}
}

@article{guoStudyWeakSolutions2011,
  title = {Study of Weak Solutions for Parabolic Equations with Nonstandard Growth Conditions},
  volume = {374},
  issn = {0022-247X},
  url = {https://mathscinet.ams.org/mathscinet-getitem?mr=2729227},
  doi = {10.1016/j.jmaa.2010.09.039},
  number = {2},
  journaltitle = {Journal of Mathematical Analysis and Applications},
  shortjournal = {J. Math. Anal. Appl.},
  urldate = {2019-12-25},
  date = {2011},
  pages = {374--384},
  author = {Guo, Bin and Gao, Wenjie},
  file = {/Users/yunfangli/Zotero/storage/ZBYKYPKE/Guo and Gao - 2011 - Study of weak solutions for parabolic equations wi.pdf;/Users/yunfangli/Zotero/storage/BRKRV3ZN/mathscinet-getitem.html},
  mrnumber = {2729227}
}

@incollection{antontsevParabolicEquationsAnisotropic2007,
  title = {Parabolic Equations with Anisotropic Nonstandard Growth Conditions},
  volume = {154},
  url = {https://mathscinet.ams.org/mathscinet-getitem?mr=2305342},
  doi = {10.1007/978-3-7643-7719-9_4},
  booktitle = {Free Boundary Problems},
  series = {Internat. {{Ser}}. {{Numer}}. {{Math}}.},
  publisher = {{Birkh√§user, Basel}},
  urldate = {2019-12-25},
  date = {2007},
  pages = {33--44},
  author = {Antontsev, S. and Shmarev, S.},
  file = {/Users/yunfangli/Zotero/storage/93NYBPWE/mathscinet-getitem.html},
  mrnumber = {2305342}
}

@article{constantinGlobalExistenceFully2006,
  langid = {english},
  title = {Global Existence for Fully Parabolic Boundary Value Problems},
  volume = {13},
  issn = {1420-9004},
  url = {https://doi.org/10.1007/s00030-005-0030-7},
  doi = {10.1007/s00030-005-0030-7},
  abstract = {We present some results on the global existence of classical solutions for quasilinear parabolic equations with nonlinear dynamic boundary conditions in bounded domains with a smooth boundary.},
  number = {1},
  journaltitle = {Nonlinear Differential Equations and Applications NoDEA},
  shortjournal = {Nonlinear differ. equ. appl.},
  urldate = {2019-12-25},
  date = {2006-03-01},
  pages = {91-118},
  author = {Constantin, Adrian and Escher, Joachim},
  file = {/Users/yunfangli/Zotero/storage/KV87Y9YL/Constantin and Escher - 2006 - Global existence for fully parabolic boundary valu.pdf}
}

@article{constantinGlobalSolutionsQuasilinear2002,
  langid = {english},
  title = {Global Solutions for Quasilinear Parabolic Problems},
  volume = {2},
  issn = {1424-3199},
  url = {https://doi.org/10.1007/s00028-002-8081-2},
  doi = {10.1007/s00028-002-8081-2},
  abstract = {. Results on the global existence of classical solutions for quasilinear parabolic equations in bounded domains with homogeneous Dirichlet or Neumann boundary conditions are presented. Besides quasilinear parabolic equations, the method is also applicable to some weakly-coupled reaction-diffusion systems and to elliptic equations with nonlinear dynamic boundary conditions.},
  number = {1},
  journaltitle = {Journal of Evolution Equations},
  shortjournal = {J.evol.equ.},
  urldate = {2019-12-25},
  date = {2002-03-01},
  pages = {97-111},
  keywords = {dynamic boundary conditions.,elliptic equations,Key words: Global solutions,quasilinear parabolic equations,weakly coupled reaction-diffusion systems},
  author = {Constantin, Adrian and Escher, Joachim},
  file = {/Users/yunfangli/Zotero/storage/ZF98IP98/Constantin and Escher - 2002 - Global solutions for quasilinear parabolic problem.pdf}
}

@article{cavalheiroWeightedSobolevSpaces2008,
  langid = {english},
  title = {\textbf{Weighted }{{\textbf{Sobolev Spaces}}}\textbf{ and }{{\textbf{Degenerate Elliptic Equations}}} - Doi: 10.5269/Bspm.V26i1-2.7415},
  volume = {26},
  issn = {2175-1188},
  url = {http://periodicos.uem.br/ojs/index.php/BSocParanMat/article/view/7415},
  doi = {10.5269/bspm.v26i1-2.7415},
  shorttitle = {\textbf{Weighted }{{\textbf{Sobolev Spaces}}}\textbf{ and }{{\textbf{Degenerate Elliptic Equations}}} - Doi},
  abstract = {In this paper, we survey a number of recent results obtained in the study of weighted Sobolev spaces (with power-type weights, A\_p-weights, padmissible weights, regular weights and the conjecture of De Giorgi) and the existence of entropy solutions for degenerate quasilinear elliptic equations.},
  number = {1-2},
  journaltitle = {Boletim da Sociedade Paranaense de Matem√°tica},
  urldate = {2019-12-25},
  date = {2008},
  pages = {117-132},
  keywords = {Degenerate elliptic equations,weighted Sobolev spaces},
  author = {Cavalheiro, Albo Carlos},
  file = {/Users/yunfangli/Zotero/storage/XRXT628U/Cavalheiro - 2008 - bWeighted Sobolev Spaces and Degenerate Elliptic.pdf;/Users/yunfangli/Zotero/storage/WTA35IYY/7415.html}
}

@article{caldiroliVariationalDegenerateElliptic2000,
  langid = {english},
  title = {On a Variational Degenerate Elliptic Problem},
  volume = {7},
  issn = {1420-9004},
  url = {https://doi.org/10.1007/s000300050004},
  doi = {10.1007/s000300050004},
  abstract = {In this paper we study a class of variational degenerate elliptic problems of the form \$ -div(a(x)\textbackslash{}nabla u) = f(x,u) \$in \$ \textbackslash{}Omega, u=0 \$on \$ \textbackslash{}delta\textbackslash{}Omega \$, where \$ \textbackslash{}Omega \$is a bounded or unbounded domain in \$ \{\textbackslash{}Bbb R\}\^n, n \textbackslash{}ge 2 \$},
  number = {2},
  journaltitle = {Nonlinear Differential Equations and Applications NoDEA},
  shortjournal = {NoDEA, Nonlinear differ. equ. appl.},
  urldate = {2019-12-25},
  date = {2000-08-01},
  pages = {187-199},
  author = {Caldiroli, Paolo and Musina, Roberta},
  file = {/Users/yunfangli/Zotero/storage/TKP5JTAF/Caldiroli and Musina - 2000 - On a variational degenerate elliptic problem.pdf}
}

@article{leBoundaryValueProblems1998,
  langid = {english},
  title = {On {{Boundary Value Problems}} for {{Degenerate Quasilinear Elliptic Equations}} and {{Inequalities}}},
  volume = {144},
  issn = {0022-0396},
  url = {http://www.sciencedirect.com/science/article/pii/S0022039697933842},
  doi = {10.1006/jdeq.1997.3384},
  number = {1},
  journaltitle = {Journal of Differential Equations},
  shortjournal = {Journal of Differential Equations},
  urldate = {2019-12-25},
  date = {1998-03-20},
  pages = {170-218},
  author = {Le, Vy Khoi and Schmitt, Klaus},
  file = {/Users/yunfangli/Zotero/storage/5LBMX6FS/Le and Schmitt - 1998 - On Boundary Value Problems for Degenerate Quasilin.pdf;/Users/yunfangli/Zotero/storage/277EZASD/S0022039697933842.html}
}

@article{monticelliMaximumPrinciplesWeak2009,
  langid = {english},
  title = {Maximum Principles for Weak Solutions of Degenerate Elliptic Equations with a Uniformly Elliptic Direction},
  volume = {247},
  issn = {0022-0396},
  url = {http://www.sciencedirect.com/science/article/pii/S0022039609002502},
  doi = {10.1016/j.jde.2009.06.024},
  abstract = {For second order linear equations and inequalities which are degenerate elliptic but which possess a uniformly elliptic direction, we formulate and prove weak maximum principles which are compatible with a solvability theory in suitably weighted versions of L2-based Sobolev spaces. The operators are not necessarily in divergence form, have terms of lower order, and have low regularity assumptions on the coefficients. The needed weighted Sobolev spaces are, in general, anisotropic spaces defined by a non-negative continuous matrix weight. As preparation, we prove a Poincar√© inequality with respect to such matrix weights and analyze the elementary properties of the weighted spaces. Comparisons to known results and examples of operators which are elliptic away from a hyperplane of arbitrary codimension are given. Finally, in the important special case of operators whose principal part is of Grushin type, we apply these results to obtain some spectral theory results such as the existence of a principal eigenvalue.},
  number = {7},
  journaltitle = {Journal of Differential Equations},
  shortjournal = {Journal of Differential Equations},
  urldate = {2019-12-25},
  date = {2009-10-01},
  pages = {1993-2026},
  keywords = {Degenerate elliptic operators,Maximum principles,Principal eigenvalue,Weak solutions},
  author = {Monticelli, Dario D. and Payne, Kevin R.},
  file = {/Users/yunfangli/Zotero/storage/JFG9NIDS/Monticelli and Payne - 2009 - Maximum principles for weak solutions of degenerat.pdf;/Users/yunfangli/Zotero/storage/H5JCZSYY/S0022039609002502.html}
}

@incollection{dibenedettoDegenerateSingularParabolic1993,
  langid = {english},
  location = {{New York, NY}},
  title = {Degenerate and Singular Parabolic Systems},
  isbn = {978-1-4612-0895-2},
  url = {https://doi.org/10.1007/978-1-4612-0895-2_8},
  doi = {10.1007/978-1-4612-0895-2_8},
  abstract = {We turn now to quasilinear systems whose principal part becomes either degenerate or singular at points where. To present a streamlined cross section of the theory, we refer to the model system \$\$ \textbackslash{}left\textbackslash\{\{\textbackslash{}begin\{array\}\{*\{20\}\{c\}\} \{u \textbackslash{}equiv \textbackslash{}left( \{\{u\_1\},\{u\_2\}, \textbackslash{}ldots,\{u\_m\}\} \textbackslash{}right),m\textbackslash{}in N,\}\textbackslash\textbackslash{} \{\{u\_i\}\textbackslash{}in\{C\_\{loc\}\}\textbackslash{}left(\{0,T;L\_\{loc\}\^2\textbackslash{}left(\textbackslash{}Omega\textbackslash{}right)\}\textbackslash{}right)\textbackslash{}cap \{L\^p\}\textbackslash{}left(\{0,T;W\_\{loc\}\^\{1,p\}\textbackslash{}left(\textbackslash{}Omega \textbackslash{}right)\} \textbackslash{}right),i=1,2,\textbackslash{}ldots,m,\}\textbackslash\textbackslash{} \{\{u\_t\}- div\{\{\textbackslash{}left| \{Du\}\textbackslash{}right|\}\^\{p - 2\}\}Du =0in\{\textbackslash{}Omega\_\{\textbackslash{}rm T\}\}\} \textbackslash{}end\{array\}\}\textbackslash{}right. \$\$ (1.1)\vphantom\}},
  booktitle = {Degenerate {{Parabolic Equations}}},
  series = {Universitext},
  publisher = {{Springer}},
  urldate = {2019-12-25},
  date = {1993},
  pages = {215-244},
  keywords = {Cutoff Function,Degenerate Case,Elliptic System,Energy Estimate,Weak Solution},
  author = {DiBenedetto, Emmanuele},
  editor = {DiBenedetto, Emmanuele}
}

@article{galClassDegenerateParabolic2012,
  langid = {english},
  title = {On a Class of Degenerate Parabolic Equations with Dynamic Boundary Conditions},
  volume = {253},
  issn = {0022-0396},
  url = {http://www.sciencedirect.com/science/article/pii/S0022039612000964},
  doi = {10.1016/j.jde.2012.02.010},
  abstract = {We consider a quasi-linear parabolic (possibly, degenerate) equation with nonlinear dynamic boundary conditions. The corresponding class of initial and boundary value problems has already been studied previously, proving well-posedness of weak solutions and the existence of the global attractor, assuming that the nonlinearities are subcritical to a given exponent. The goal of this article is to show that the previous analysis can be redone for supercritical nonlinearities by proving an additional L‚àû-estimate on the solutions. In particular, we derive new conditions which reflect an exact balance between the internal and the boundary mechanisms involved, even when both the nonlinear sources contribute in opposite directions. Then, we show how to construct a trajectory attractor for the weak solutions of the associated parabolic system, and prove that any solution belonging to the attractor is bounded, which implies uniqueness. Finally, we also prove for the (semilinear) reaction‚Äìdiffusion equation with nonlinear dynamic boundary conditions, that the fractal dimension of the global attractor is of the order ŒΩ‚àí(N‚àí1), as diffusion ŒΩ‚Üí0+, in any space dimension N‚©æ2, improving some recent results in Gal (2012) [23].},
  number = {1},
  journaltitle = {Journal of Differential Equations},
  shortjournal = {Journal of Differential Equations},
  urldate = {2019-12-25},
  date = {2012-07-01},
  pages = {126-166},
  author = {Gal, Ciprian G.},
  file = {/Users/yunfangli/Zotero/storage/Q9PDQQME/Gal - 2012 - On a class of degenerate parabolic equations with .pdf;/Users/yunfangli/Zotero/storage/JCZS6T2X/S0022039612000964.html}
}

@article{yinEvolutionaryWeightedPLaplacian2007,
  langid = {english},
  title = {Evolutionary Weighted P-{{Laplacian}} with Boundary Degeneracy},
  volume = {237},
  issn = {0022-0396},
  url = {http://www.sciencedirect.com/science/article/pii/S0022039607000952},
  doi = {10.1016/j.jde.2007.03.012},
  abstract = {The paper concerns the well-posedness problem of an evolutionary weighted p-Laplacian with boundary degeneracy. Different from the classical theory for linear equations, it is shown that the degenerate portion of the boundary should be decomposed into two parts: the strongly degenerate boundary on which the equation exhibits hyperbolic characteristics and the weakly degenerate boundary on which the equation still exhibits parabolic characteristics. We formulate reasonably the boundary value condition and establish the existence and uniqueness theorems.},
  number = {2},
  journaltitle = {Journal of Differential Equations},
  shortjournal = {Journal of Differential Equations},
  urldate = {2019-12-25},
  date = {2007-06-15},
  pages = {421-445},
  keywords = {Boundary degeneracy,Evolutionary weighted -Laplacian,Hyperbolic,Parabolic},
  author = {Yin, Jingxue and Wang, Chunpeng},
  file = {/Users/yunfangli/Zotero/storage/L74KK8UG/Yin and Wang - 2007 - Evolutionary weighted p-Laplacian with boundary de.pdf;/Users/yunfangli/Zotero/storage/R66BXYKF/S0022039607000952.html}
}


