
@article{goldshteinWeightedSobolevSpaces2009,
  title = {Weighted {{Sobolev}} Spaces and Embedding Theorems},
  volume = {361},
  number = {7},
  journal = {Transactions of the American Mathematical Society},
  author = {Gol'dshtein, Vladimir and Ukhlov, Alexander},
  year = {2009},
  pages = {3829--3850},
  note = {00108}
}


